<?xml version="1.0" encoding="UTF-8"?>
<collection xmlns="http://www.loc.gov/MARC21/slim">
    <record type="Authority">
        <leader>00000nz  a2200000nc 4500</leader>
        <controlfield tag="001">000000000</controlfield>
        <controlfield tag="003">DE-101</controlfield>
        <controlfield tag="005">20190224230152.0</controlfield>
        <controlfield tag="008">890418n||aznnnaabn           | ana    |c</controlfield>
        <datafield tag="024" ind1="7" ind2=" ">
            <subfield code="a">http://d-nb.info/gnd/00000</subfield>
            <subfield code="2">uri</subfield>
        </datafield>
        <datafield tag="035" ind1=" " ind2=" ">
            <subfield code="a">(DE-101)0000000000</subfield>
        </datafield>
        <datafield tag="035" ind1=" " ind2=" ">
            <subfield code="a">(DE-588)00000</subfield>
        </datafield>
        <datafield tag="035" ind1=" " ind2=" ">
            <subfield code="z">(DE-588)1086150325</subfield>
        </datafield>
        <datafield tag="035" ind1=" " ind2=" ">
            <subfield code="z">(DE-588b)6108029-9</subfield>
        </datafield>
        <datafield tag="035" ind1=" " ind2=" ">
            <subfield code="z">(DE-588b)00000</subfield>
            <subfield code="9">v:zg</subfield>
        </datafield>
        <datafield tag="040" ind1=" " ind2=" ">
            <subfield code="a">DE-1</subfield>
            <subfield code="c">DE-1</subfield>
            <subfield code="9">r:DE-1</subfield>
            <subfield code="b">ger</subfield>
            <subfield code="d">1601</subfield>
            <subfield code="e">rda</subfield>
        </datafield>
        <datafield tag="042" ind1=" " ind2=" ">
            <subfield code="a">gnd1</subfield>
        </datafield>
        <datafield tag="043" ind1=" " ind2=" ">
            <subfield code="c">XD-US</subfield>
        </datafield>
        <datafield tag="075" ind1=" " ind2=" ">
            <subfield code="b">b</subfield>
            <subfield code="2">gndgen</subfield>
        </datafield>
        <datafield tag="075" ind1=" " ind2=" ">
            <subfield code="b">kiz</subfield>
            <subfield code="2">gndspec</subfield>
        </datafield>
        <datafield tag="079" ind1=" " ind2=" ">
            <subfield code="a">g</subfield>
            <subfield code="q">f</subfield>
            <subfield code="u">z</subfield>
        </datafield>
        <datafield tag="110" ind1="2" ind2=" ">
            <subfield code="a">Association for Artichoke Studies</subfield>
        </datafield>
        <datafield tag="410" ind1="2" ind2=" ">
            <subfield code="a">AAS</subfield>
            <subfield code="4">abku</subfield>
            <subfield code="4">http://d-nb.info/standards/elementset/gnd#abbreviatedNameForTheCorporateBody</subfield>
            <subfield code="w">r</subfield>
            <subfield code="i">Abkuerzung</subfield>
            <subfield code="e">Abkuerzung</subfield>
        </datafield>
        <datafield tag="410" ind1="2" ind2=" ">
            <subfield code="a">Association of Artichoke Studies</subfield>
        </datafield>
        <datafield tag="410" ind1="2" ind2=" ">
            <subfield code="a">Xyz xyz Zyx</subfield>
        </datafield>
        <datafield tag="410" ind1="2" ind2=" ">
            <subfield code="a">Xyz-xyz Zyyyx</subfield>
        </datafield>
        <datafield tag="510" ind1="2" ind2=" ">
            <subfield code="0">(DE-101)999999999</subfield>
            <subfield code="0">(DE-588)999999999</subfield>
            <subfield code="0">http://d-nb.info/gnd/999999999</subfield>
            <subfield code="a">Garlic Friends Association</subfield>
            <subfield code="4">vorg</subfield>
            <subfield code="4">http://d-nb.info/standards/elementset/gnd#precedingCorporateBody</subfield>
            <subfield code="w">r</subfield>
            <subfield code="i">Vorgaenger</subfield>
            <subfield code="e">Vorgaenger</subfield>
        </datafield>
        <datafield tag="548" ind1=" " ind2=" ">
            <subfield code="a">1941-</subfield>
            <subfield code="4">datb</subfield>
            <subfield code="4">http://d-nb.info/standards/elementset/gnd#dateOfEstablishment</subfield>
            <subfield code="w">r</subfield>
            <subfield code="i">Zeitraum</subfield>
        </datafield>
        <datafield tag="913" ind1=" " ind2=" ">
            <subfield code="S">gkd</subfield>
            <subfield code="i">a</subfield>
            <subfield code="a">Association for Artichoke Studies</subfield>
            <subfield code="0">(DE-588b)00000</subfield>
        </datafield>
    </record>
</collection>
